%% This BibTeX bibliography file was created using BibDesk.
%% http://bibdesk.sourceforge.net/


%% Created for Xavier Go√°s Aguililla at 2013-11-03 22:55:54 +0100 


%% Saved with string encoding Unicode (UTF-8) 
