@inproceedings{hughes2013energy,
  title={Energy aware software evolution for wireless sensor networks},
  author={Hughes, Danny and Canete, Eduardo and Daniels, Wilfried and Gowri Sankar, R and Meneghello, James and Matthys, Nelson and Maerien, Jef and Michiels, Sam and Huygens, Christophe and Joosen, Wouter and others},
  booktitle={World of Wireless, Mobile and Multimedia Networks (WoWMoM), 2013 IEEE 14th International Symposium and Workshops on a},
  pages={1--9},
  year={2013},
  organization={IEEE}
}