@article{akyildiz2002wireless,
  title={Wireless sensor networks: a survey},
  author={Akyildiz, Ian F and Su, Weilian and Sankarasubramaniam, Yogesh and Cayirci, Erdal},
  journal={Computer networks},
  volume={38},
  number={4},
  pages={393--422},
  year={2002},
  publisher={Elsevier}
}

@inproceedings{mainwaring2002wireless,
  title={Wireless sensor networks for habitat monitoring},
  author={Mainwaring, Alan and Culler, David and Polastre, Joseph and Szewczyk, Robert and Anderson, John},
  booktitle={Proceedings of the 1st ACM international workshop on Wireless sensor networks and applications},
  pages={88--97},
  year={2002},
  organization={ACM}
}

@inproceedings{hughes2009looci,
  title={LooCI: a loosely-coupled component infrastructure for networked embedded systems},
  author={Hughes, Danny and Thoelen, Klaas and Horr{\'e}, Wouter and Matthys, Nelson and Cid, Javier Del and Michiels, Sam and Huygens, Christophe and Joosen, Wouter},
  booktitle={Proceedings of the 7th International Conference on Advances in Mobile Computing and Multimedia},
  pages={195--203},
  year={2009},
  organization={ACM}
}

@inproceedings{hughes2013energy,
  title={Energy aware software evolution for wireless sensor networks},
  author={Hughes, Danny and Canete, Eduardo and Daniels, Wilfried and Gowri Sankar, R and Meneghello, James and Matthys, Nelson and Maerien, Jef and Michiels, Sam and Huygens, Christophe and Joosen, Wouter and others},
  booktitle={World of Wireless, Mobile and Multimedia Networks (WoWMoM), 2013 IEEE 14th International Symposium and Workshops on a},
  pages={1--9},
  year={2013},
  organization={IEEE}
}


@misc{wsnintro,
howpublished = "\url{http://www.intechopen.com/source/html/16536/media/image9.png}"
}

@misc{toep1,
howpublished = "\url{http://rtime.felk.cvut.cz/hw/images/3/31/WSN_Motivation.jpg}"
}

@misc{toep2,
howpublished = "\url{http://www.lockheedmartin.com/content/lockheed/us/products/span/_jcr_content/product_image.img.jpg/1328558373319.jpg}"
}

@misc{toep3,
howpublished = "\url{http://www.probesrl.net/eng/wp-content/uploads/2010/06/campo.jpg}"
}

@misc{toep4,
howpublished = "\url{http://www.designworldonline.com/uploads/Imagegallery/sensors-on-a-patient.jpg}"
}

@misc{gdi1,
howpublished = "\url{https://colleges.niche.com/images/standard/48528/?v=5ed9c3b}"
}

@misc{gdi2afb1,
howpublished = "\url{http://archive.wired.com/wired/archive/11.12/images/FF_241_network_1.jpg}"
}

@misc{psumote,
howpublished = "\url{http://www.ee.psu.ac.th/~wiklom/WSN/pic/Q_psumote2.jpg}"
}