@inproceedings{titzer2005avrora,
  title={Avrora: Scalable sensor network simulation with precise timing},
  author={Titzer, Ben L and Lee, Daniel K and Palsberg, Jens},
  booktitle={Proceedings of the 4th international symposium on Information processing in sensor networks},
  pages={67},
  year={2005},
  organization={IEEE Press}
}

@article{akyildiz2002wireless,
  title={Wireless sensor networks: a survey},
  author={Akyildiz, Ian F. and Su, Weilian and Sankarasubramaniam, Yogesh and Cayirci, Erdal},
  journal={Computer networks},
  volume={38},
  number={4},
  pages={393--422},
  year={2002},
  publisher={Elsevier}
}

@inproceedings{mainwaring2002wireless,
  title={Wireless sensor networks for habitat monitoring},
  author={Mainwaring, Alan and Culler, David and Polastre, Joseph and Szewczyk, Robert and Anderson, John},
  booktitle={Proceedings of the 1st ACM international workshop on Wireless sensor networks and applications},
  pages={88--97},
  year={2002},
  organization={ACM}
}

@inproceedings{hughes2013energy,
  title={Energy aware software evolution for wireless sensor networks},
  author={Hughes, Danny and Canete, Eduardo and Daniels, Wilfried and Gowri Sankar, R and Meneghello, James and Matthys, Nelson and Maerien, Jef and Michiels, Sam and Huygens, Christophe and Joosen, Wouter and others},
  booktitle={World of Wireless, Mobile and Multimedia Networks (WoWMoM), 2013 IEEE 14th International Symposium and Workshops on a},
  pages={1--9},
  year={2013},
  organization={IEEE}
}
@inproceedings{dunkels2004contiki,
  title={Contiki-a lightweight and flexible operating system for tiny networked sensors},
  author={Dunkels, Adam and Gronvall, Bjorn and Voigt, Thiemo},
  booktitle={Local Computer Networks, 2004. 29th Annual IEEE International Conference on},
  pages={455--462},
  year={2004},
  organization={IEEE}
}
@misc{atmega128rfa1,
  author = {{Atmel Corporation}},
  title = {ATmega128RFA1 datasheet},
  year = 2014,
  howpublished = {\url{http://www.atmel.com/Images/Atmel-8266-MCU_Wireless-ATmega128RFA1_Datasheet.pdf}}
}